@article{leiner2022data,
  title={Data fission: splitting a single data point},
  author={Leiner, James and Duan, Boyan and Wasserman, Larry and Ramdas, Aaditya},
  journal={arXiv preprint arXiv:2112.11079 v4},
  year={2022}
}
@article{hong2018overfitting,
  title={On overfitting and post-selection uncertainty assessments},
  author={Hong, Liang and Kuffner, Todd A and Martin, Ryan},
  journal={Biometrika},
  volume={105},
  number={1},
  pages={221--224},
  year={2018},
  publisher={Oxford University Press}
}
@article{tian2018selective,
  title={Selective inference with a randomized response},
  author={Tian, Xiaoying and Taylor, Jonathan},
  journal={The Annals of Statistics},
  volume={46},
  number={2},
  pages={679--710},
  year={2018},
  publisher={JSTOR}
}
@article{rasines2021splitting,
  title={Splitting strategies for post-selection inference},
  author={Rasines, Daniel G and Young, G Alastair},
  journal={arXiv preprint arXiv:2102.02159},
  year={2021}
}
@article{fithian2014optimal,
  title={Optimal inference after model selection},
  author={Fithian, William and Sun, Dennis and Taylor, Jonathan},
  journal={arXiv preprint arXiv:1410.2597},
  year={2014}
}
@article{lee2016exact,
  title={Exact post-selection inference, with application to the lasso},
  author={Lee, Jason D and Sun, Dennis L and Sun, Yuekai and Taylor, Jonathan E},
  year={2016}
}
@article{tibshirani2016exact,
  title={Exact post-selection inference for sequential regression procedures},
  author={Tibshirani, Ryan J and Taylor, Jonathan and Lockhart, Richard and Tibshirani, Robert},
  journal={Journal of the American Statistical Association},
  volume={111},
  number={514},
  pages={600--620},
  year={2016},
  publisher={Taylor \& Francis}
}
@article{benjamini2005false,
  title={False discovery rate--adjusted multiple confidence intervals for selected parameters},
  author={Benjamini, Yoav and Yekutieli, Daniel},
  journal={Journal of the American Statistical Association},
  volume={100},
  number={469},
  pages={71--81},
  year={2005},
  publisher={Taylor \& Francis}
}